%YAML 1.1
%TAG !u! tag:unity3d.com,2011:
--- !u!1 &3660250427854187015
GameObject:
  m_ObjectHideFlags: 0
  m_CorrespondingSourceObject: {fileID: 0}
  m_PrefabInstance: {fileID: 0}
  m_PrefabAsset: {fileID: 0}
  serializedVersion: 6
  m_Component:
  - component: {fileID: 3660250427854187014}
  - component: {fileID: 3660250427854187008}
  - component: {fileID: 3660250427854187009}
  m_Layer: 5
  m_Name: root
  m_TagString: Untagged
  m_Icon: {fileID: 0}
  m_NavMeshLayer: 0
  m_StaticEditorFlags: 0
  m_IsActive: 0
--- !u!224 &3660250427854187014
RectTransform:
  m_ObjectHideFlags: 0
  m_CorrespondingSourceObject: {fileID: 0}
  m_PrefabInstance: {fileID: 0}
  m_PrefabAsset: {fileID: 0}
  m_GameObject: {fileID: 3660250427854187015}
  m_LocalRotation: {x: 0, y: 0, z: 0, w: 1}
  m_LocalPosition: {x: 0, y: 0, z: 0}
  m_LocalScale: {x: 1, y: 1, z: 1}
  m_Children:
  - {fileID: 3660250429453611967}
  - {fileID: 3660250428820692601}
  - {fileID: 2616687220441989400}
  - {fileID: 2218108149761537329}
  - {fileID: 4425464618155669862}
  - {fileID: 4649360631060939936}
  - {fileID: 2852039805252428009}
  - {fileID: 7798697284519911669}
  m_Father: {fileID: 3660250428404510909}
  m_RootOrder: 0
  m_LocalEulerAnglesHint: {x: 0, y: 0, z: 0}
  m_AnchorMin: {x: 0, y: 0}
  m_AnchorMax: {x: 1, y: 1}
  m_AnchoredPosition: {x: 0, y: 0}
  m_SizeDelta: {x: 0, y: 0}
  m_Pivot: {x: 0.5, y: 0.5}
--- !u!222 &3660250427854187008
CanvasRenderer:
  m_ObjectHideFlags: 0
  m_CorrespondingSourceObject: {fileID: 0}
  m_PrefabInstance: {fileID: 0}
  m_PrefabAsset: {fileID: 0}
  m_GameObject: {fileID: 3660250427854187015}
  m_CullTransparentMesh: 0
--- !u!114 &3660250427854187009
MonoBehaviour:
  m_ObjectHideFlags: 0
  m_CorrespondingSourceObject: {fileID: 0}
  m_PrefabInstance: {fileID: 0}
  m_PrefabAsset: {fileID: 0}
  m_GameObject: {fileID: 3660250427854187015}
  m_Enabled: 1
  m_EditorHideFlags: 0
  m_Script: {fileID: 11500000, guid: fe87c0e1cc204ed48ad3b37840f39efc, type: 3}
  m_Name: 
  m_EditorClassIdentifier: 
  m_Material: {fileID: 0}
  m_Color: {r: 0, g: 0, b: 0, a: 0.83137256}
  m_RaycastTarget: 1
  m_RaycastPadding: {x: 0, y: 0, z: 0, w: 0}
  m_Maskable: 1
  m_OnCullStateChanged:
    m_PersistentCalls:
      m_Calls: []
  m_Sprite: {fileID: 0}
  m_Type: 0
  m_PreserveAspect: 0
  m_FillCenter: 1
  m_FillMethod: 4
  m_FillAmount: 1
  m_FillClockwise: 1
  m_FillOrigin: 0
  m_UseSpriteMesh: 0
  m_PixelsPerUnitMultiplier: 1
--- !u!1 &3660250428404511042
GameObject:
  m_ObjectHideFlags: 0
  m_CorrespondingSourceObject: {fileID: 0}
  m_PrefabInstance: {fileID: 0}
  m_PrefabAsset: {fileID: 0}
  serializedVersion: 6
  m_Component:
  - component: {fileID: 3660250428404510909}
  - component: {fileID: 3660250428404510911}
  - component: {fileID: 3660250428404510904}
  - component: {fileID: 3660250428404510905}
  - component: {fileID: 3660250428404510908}
  - component: {fileID: 3660250428404510910}
  m_Layer: 5
  m_Name: ABPanel (120)
  m_TagString: Untagged
  m_Icon: {fileID: 0}
  m_NavMeshLayer: 0
  m_StaticEditorFlags: 0
  m_IsActive: 1
--- !u!224 &3660250428404510909
RectTransform:
  m_ObjectHideFlags: 0
  m_CorrespondingSourceObject: {fileID: 0}
  m_PrefabInstance: {fileID: 0}
  m_PrefabAsset: {fileID: 0}
  m_GameObject: {fileID: 3660250428404511042}
  m_LocalRotation: {x: 0, y: 0, z: 0, w: 1}
  m_LocalPosition: {x: 0, y: 0, z: 0}
  m_LocalScale: {x: 0, y: 0, z: 0}
  m_Children:
  - {fileID: 3660250427854187014}
  m_Father: {fileID: 0}
  m_RootOrder: 0
  m_LocalEulerAnglesHint: {x: 0, y: 0, z: 0}
  m_AnchorMin: {x: 0, y: 0}
  m_AnchorMax: {x: 0, y: 0}
  m_AnchoredPosition: {x: 0, y: 0}
  m_SizeDelta: {x: 0, y: 0}
  m_Pivot: {x: 0, y: 0}
--- !u!222 &3660250428404510911
CanvasRenderer:
  m_ObjectHideFlags: 0
  m_CorrespondingSourceObject: {fileID: 0}
  m_PrefabInstance: {fileID: 0}
  m_PrefabAsset: {fileID: 0}
  m_GameObject: {fileID: 3660250428404511042}
  m_CullTransparentMesh: 0
--- !u!223 &3660250428404510904
Canvas:
  m_ObjectHideFlags: 0
  m_CorrespondingSourceObject: {fileID: 0}
  m_PrefabInstance: {fileID: 0}
  m_PrefabAsset: {fileID: 0}
  m_GameObject: {fileID: 3660250428404511042}
  m_Enabled: 1
  serializedVersion: 3
  m_RenderMode: 0
  m_Camera: {fileID: 0}
  m_PlaneDistance: 100
  m_PixelPerfect: 0
  m_ReceivesEvents: 1
  m_OverrideSorting: 0
  m_OverridePixelPerfect: 0
  m_SortingBucketNormalizedSize: 0
  m_AdditionalShaderChannelsFlag: 0
  m_SortingLayerID: 0
  m_SortingOrder: 120
  m_TargetDisplay: 0
--- !u!114 &3660250428404510905
MonoBehaviour:
  m_ObjectHideFlags: 0
  m_CorrespondingSourceObject: {fileID: 0}
  m_PrefabInstance: {fileID: 0}
  m_PrefabAsset: {fileID: 0}
  m_GameObject: {fileID: 3660250428404511042}
  m_Enabled: 1
  m_EditorHideFlags: 0
  m_Script: {fileID: 11500000, guid: 0cd44c1031e13a943bb63640046fad76, type: 3}
  m_Name: 
  m_EditorClassIdentifier: 
  m_UiScaleMode: 1
  m_ReferencePixelsPerUnit: 100
  m_ScaleFactor: 1
  m_ReferenceResolution: {x: 900, y: 1800}
  m_ScreenMatchMode: 0
  m_MatchWidthOrHeight: 1
  m_PhysicalUnit: 3
  m_FallbackScreenDPI: 96
  m_DefaultSpriteDPI: 96
  m_DynamicPixelsPerUnit: 1
--- !u!114 &3660250428404510908
MonoBehaviour:
  m_ObjectHideFlags: 0
  m_CorrespondingSourceObject: {fileID: 0}
  m_PrefabInstance: {fileID: 0}
  m_PrefabAsset: {fileID: 0}
  m_GameObject: {fileID: 3660250428404511042}
  m_Enabled: 1
  m_EditorHideFlags: 0
  m_Script: {fileID: 11500000, guid: dc42784cf147c0c48a680349fa168899, type: 3}
  m_Name: 
  m_EditorClassIdentifier: 
  m_IgnoreReversedGraphics: 1
  m_BlockingObjects: 0
  m_BlockingMask:
    serializedVersion: 2
    m_Bits: 4294967295
--- !u!114 &3660250428404510910
MonoBehaviour:
  m_ObjectHideFlags: 0
  m_CorrespondingSourceObject: {fileID: 0}
  m_PrefabInstance: {fileID: 0}
  m_PrefabAsset: {fileID: 0}
  m_GameObject: {fileID: 3660250428404511042}
  m_Enabled: 1
  m_EditorHideFlags: 0
  m_Script: {fileID: 11500000, guid: 50bd3bcbd84a19a41ac54597494cbaaa, type: 3}
  m_Name: 
  m_EditorClassIdentifier: 
  root: {fileID: 3660250427854187015}
  applyButton: {fileID: 3660250428820692600}
  modules:
  - {fileID: 3660250428462698418}
  - {fileID: 600044086009609115}
  - {fileID: 3166573599963756492}
  - {fileID: 6205500324389620234}
  - {fileID: 3535323926728683075}
  - {fileID: 8836357870801825375}
--- !u!1 &3660250428820692606
GameObject:
  m_ObjectHideFlags: 0
  m_CorrespondingSourceObject: {fileID: 0}
  m_PrefabInstance: {fileID: 0}
  m_PrefabAsset: {fileID: 0}
  serializedVersion: 6
  m_Component:
  - component: {fileID: 3660250428820692601}
  - component: {fileID: 3660250428820692602}
  - component: {fileID: 3660250428820692603}
  - component: {fileID: 3660250428820692600}
  m_Layer: 5
  m_Name: Apply
  m_TagString: Untagged
  m_Icon: {fileID: 0}
  m_NavMeshLayer: 0
  m_StaticEditorFlags: 0
  m_IsActive: 1
--- !u!224 &3660250428820692601
RectTransform:
  m_ObjectHideFlags: 0
  m_CorrespondingSourceObject: {fileID: 0}
  m_PrefabInstance: {fileID: 0}
  m_PrefabAsset: {fileID: 0}
  m_GameObject: {fileID: 3660250428820692606}
  m_LocalRotation: {x: -0, y: -0, z: -0, w: 1}
  m_LocalPosition: {x: 0, y: 0, z: 0}
  m_LocalScale: {x: 1, y: 1, z: 1}
  m_Children:
  - {fileID: 3660250428878081825}
  m_Father: {fileID: 3660250427854187014}
  m_RootOrder: 1
  m_LocalEulerAnglesHint: {x: 0, y: 0, z: 0}
  m_AnchorMin: {x: 0.5, y: 0.5}
  m_AnchorMax: {x: 0.5, y: 0.5}
  m_AnchoredPosition: {x: 0, y: -789}
  m_SizeDelta: {x: 350, y: 150}
  m_Pivot: {x: 0.5, y: 0.5}
--- !u!222 &3660250428820692602
CanvasRenderer:
  m_ObjectHideFlags: 0
  m_CorrespondingSourceObject: {fileID: 0}
  m_PrefabInstance: {fileID: 0}
  m_PrefabAsset: {fileID: 0}
  m_GameObject: {fileID: 3660250428820692606}
  m_CullTransparentMesh: 0
--- !u!114 &3660250428820692603
MonoBehaviour:
  m_ObjectHideFlags: 0
  m_CorrespondingSourceObject: {fileID: 0}
  m_PrefabInstance: {fileID: 0}
  m_PrefabAsset: {fileID: 0}
  m_GameObject: {fileID: 3660250428820692606}
  m_Enabled: 1
  m_EditorHideFlags: 0
  m_Script: {fileID: 11500000, guid: fe87c0e1cc204ed48ad3b37840f39efc, type: 3}
  m_Name: 
  m_EditorClassIdentifier: 
  m_Material: {fileID: 0}
  m_Color: {r: 0.46613017, g: 1, b: 0.3584906, a: 1}
  m_RaycastTarget: 1
  m_RaycastPadding: {x: 0, y: 0, z: 0, w: 0}
  m_Maskable: 1
  m_OnCullStateChanged:
    m_PersistentCalls:
      m_Calls: []
  m_Sprite: {fileID: 21300000, guid: a486f554c32c67440818251341d86653, type: 3}
  m_Type: 1
  m_PreserveAspect: 0
  m_FillCenter: 1
  m_FillMethod: 4
  m_FillAmount: 1
  m_FillClockwise: 1
  m_FillOrigin: 0
  m_UseSpriteMesh: 0
  m_PixelsPerUnitMultiplier: 1
--- !u!114 &3660250428820692600
MonoBehaviour:
  m_ObjectHideFlags: 0
  m_CorrespondingSourceObject: {fileID: 0}
  m_PrefabInstance: {fileID: 0}
  m_PrefabAsset: {fileID: 0}
  m_GameObject: {fileID: 3660250428820692606}
  m_Enabled: 1
  m_EditorHideFlags: 0
  m_Script: {fileID: 11500000, guid: 4e29b1a8efbd4b44bb3f3716e73f07ff, type: 3}
  m_Name: 
  m_EditorClassIdentifier: 
  m_Navigation:
    m_Mode: 3
    m_SelectOnUp: {fileID: 0}
    m_SelectOnDown: {fileID: 0}
    m_SelectOnLeft: {fileID: 0}
    m_SelectOnRight: {fileID: 0}
  m_Transition: 1
  m_Colors:
    m_NormalColor: {r: 1, g: 1, b: 1, a: 1}
    m_HighlightedColor: {r: 0.9607843, g: 0.9607843, b: 0.9607843, a: 1}
    m_PressedColor: {r: 0.78431374, g: 0.78431374, b: 0.78431374, a: 1}
    m_SelectedColor: {r: 0.9607843, g: 0.9607843, b: 0.9607843, a: 1}
    m_DisabledColor: {r: 0.78431374, g: 0.78431374, b: 0.78431374, a: 0.5019608}
    m_ColorMultiplier: 1
    m_FadeDuration: 0.1
  m_SpriteState:
    m_HighlightedSprite: {fileID: 0}
    m_PressedSprite: {fileID: 0}
    m_SelectedSprite: {fileID: 0}
    m_DisabledSprite: {fileID: 0}
  m_AnimationTriggers:
    m_NormalTrigger: Normal
    m_HighlightedTrigger: Highlighted
    m_PressedTrigger: Pressed
    m_SelectedTrigger: Selected
    m_DisabledTrigger: Disabled
  m_Interactable: 1
  m_TargetGraphic: {fileID: 3660250428820692603}
  m_OnClick:
    m_PersistentCalls:
      m_Calls: []
--- !u!1 &3660250428878081830
GameObject:
  m_ObjectHideFlags: 0
  m_CorrespondingSourceObject: {fileID: 0}
  m_PrefabInstance: {fileID: 0}
  m_PrefabAsset: {fileID: 0}
  serializedVersion: 6
  m_Component:
  - component: {fileID: 3660250428878081825}
  - component: {fileID: 3660250428878081827}
  - component: {fileID: 3660250428878081824}
  m_Layer: 5
  m_Name: Text (1)
  m_TagString: Untagged
  m_Icon: {fileID: 0}
  m_NavMeshLayer: 0
  m_StaticEditorFlags: 0
  m_IsActive: 1
--- !u!224 &3660250428878081825
RectTransform:
  m_ObjectHideFlags: 0
  m_CorrespondingSourceObject: {fileID: 0}
  m_PrefabInstance: {fileID: 0}
  m_PrefabAsset: {fileID: 0}
  m_GameObject: {fileID: 3660250428878081830}
  m_LocalRotation: {x: -0, y: -0, z: -0, w: 1}
  m_LocalPosition: {x: 0, y: 0, z: 0}
  m_LocalScale: {x: 1, y: 1, z: 1}
  m_Children: []
  m_Father: {fileID: 3660250428820692601}
  m_RootOrder: 0
  m_LocalEulerAnglesHint: {x: 0, y: 0, z: 0}
  m_AnchorMin: {x: 0, y: 0}
  m_AnchorMax: {x: 1, y: 1}
  m_AnchoredPosition: {x: 0, y: 0}
  m_SizeDelta: {x: -20, y: -20}
  m_Pivot: {x: 0.5, y: 0.5}
--- !u!222 &3660250428878081827
CanvasRenderer:
  m_ObjectHideFlags: 0
  m_CorrespondingSourceObject: {fileID: 0}
  m_PrefabInstance: {fileID: 0}
  m_PrefabAsset: {fileID: 0}
  m_GameObject: {fileID: 3660250428878081830}
  m_CullTransparentMesh: 0
--- !u!114 &3660250428878081824
MonoBehaviour:
  m_ObjectHideFlags: 0
  m_CorrespondingSourceObject: {fileID: 0}
  m_PrefabInstance: {fileID: 0}
  m_PrefabAsset: {fileID: 0}
  m_GameObject: {fileID: 3660250428878081830}
  m_Enabled: 1
  m_EditorHideFlags: 0
  m_Script: {fileID: 11500000, guid: 5f7201a12d95ffc409449d95f23cf332, type: 3}
  m_Name: 
  m_EditorClassIdentifier: 
  m_Material: {fileID: 0}
  m_Color: {r: 1, g: 1, b: 1, a: 1}
  m_RaycastTarget: 1
  m_RaycastPadding: {x: 0, y: 0, z: 0, w: 0}
  m_Maskable: 1
  m_OnCullStateChanged:
    m_PersistentCalls:
      m_Calls: []
  m_FontData:
    m_Font: {fileID: 10102, guid: 0000000000000000e000000000000000, type: 0}
    m_FontSize: 72
    m_FontStyle: 0
    m_BestFit: 0
    m_MinSize: 10
    m_MaxSize: 72
    m_Alignment: 4
    m_AlignByGeometry: 0
    m_RichText: 1
    m_HorizontalOverflow: 0
    m_VerticalOverflow: 0
    m_LineSpacing: 1
  m_Text: Apply
--- !u!1 &3660250429453611964
GameObject:
  m_ObjectHideFlags: 0
  m_CorrespondingSourceObject: {fileID: 0}
  m_PrefabInstance: {fileID: 0}
  m_PrefabAsset: {fileID: 0}
  serializedVersion: 6
  m_Component:
  - component: {fileID: 3660250429453611967}
  - component: {fileID: 3660250429453611961}
  - component: {fileID: 3660250429453611966}
  m_Layer: 5
  m_Name: Title
  m_TagString: Untagged
  m_Icon: {fileID: 0}
  m_NavMeshLayer: 0
  m_StaticEditorFlags: 0
  m_IsActive: 1
--- !u!224 &3660250429453611967
RectTransform:
  m_ObjectHideFlags: 0
  m_CorrespondingSourceObject: {fileID: 0}
  m_PrefabInstance: {fileID: 0}
  m_PrefabAsset: {fileID: 0}
  m_GameObject: {fileID: 3660250429453611964}
  m_LocalRotation: {x: -0, y: -0, z: -0, w: 1}
  m_LocalPosition: {x: 0, y: 0, z: 0}
  m_LocalScale: {x: 1, y: 1, z: 1}
  m_Children: []
  m_Father: {fileID: 3660250427854187014}
  m_RootOrder: 0
  m_LocalEulerAnglesHint: {x: 0, y: 0, z: 0}
  m_AnchorMin: {x: 0.5, y: 0.5}
  m_AnchorMax: {x: 0.5, y: 0.5}
  m_AnchoredPosition: {x: 0, y: 824}
  m_SizeDelta: {x: 300, y: 80}
  m_Pivot: {x: 0.5, y: 0.5}
--- !u!222 &3660250429453611961
CanvasRenderer:
  m_ObjectHideFlags: 0
  m_CorrespondingSourceObject: {fileID: 0}
  m_PrefabInstance: {fileID: 0}
  m_PrefabAsset: {fileID: 0}
  m_GameObject: {fileID: 3660250429453611964}
  m_CullTransparentMesh: 0
--- !u!114 &3660250429453611966
MonoBehaviour:
  m_ObjectHideFlags: 0
  m_CorrespondingSourceObject: {fileID: 0}
  m_PrefabInstance: {fileID: 0}
  m_PrefabAsset: {fileID: 0}
  m_GameObject: {fileID: 3660250429453611964}
  m_Enabled: 1
  m_EditorHideFlags: 0
  m_Script: {fileID: 11500000, guid: 5f7201a12d95ffc409449d95f23cf332, type: 3}
  m_Name: 
  m_EditorClassIdentifier: 
  m_Material: {fileID: 0}
  m_Color: {r: 1, g: 1, b: 1, a: 1}
  m_RaycastTarget: 1
  m_RaycastPadding: {x: 0, y: 0, z: 0, w: 0}
  m_Maskable: 1
  m_OnCullStateChanged:
    m_PersistentCalls:
      m_Calls: []
  m_FontData:
    m_Font: {fileID: 12800000, guid: 2bef35cd530f8c2498b9b76d05f39666, type: 3}
    m_FontSize: 59
    m_FontStyle: 0
    m_BestFit: 0
    m_MinSize: 10
    m_MaxSize: 59
    m_Alignment: 4
    m_AlignByGeometry: 0
    m_RichText: 1
    m_HorizontalOverflow: 0
    m_VerticalOverflow: 0
    m_LineSpacing: 1
  m_Text: AB Panel
--- !u!1001 &600044086867629195
PrefabInstance:
  m_ObjectHideFlags: 0
  serializedVersion: 2
  m_Modification:
    m_TransformParent: {fileID: 3660250427854187014}
    m_Modifications:
    - target: {fileID: 3171554223304103315, guid: a1457770f578f0d478023c3d2f4be764,
        type: 3}
      propertyPath: m_Pivot.x
      value: 0.5
      objectReference: {fileID: 0}
    - target: {fileID: 3171554223304103315, guid: a1457770f578f0d478023c3d2f4be764,
        type: 3}
      propertyPath: m_Pivot.y
      value: 0.5
      objectReference: {fileID: 0}
    - target: {fileID: 3171554223304103315, guid: a1457770f578f0d478023c3d2f4be764,
        type: 3}
      propertyPath: m_RootOrder
      value: 2
      objectReference: {fileID: 0}
    - target: {fileID: 3171554223304103315, guid: a1457770f578f0d478023c3d2f4be764,
        type: 3}
      propertyPath: m_AnchorMax.x
      value: 0.5
      objectReference: {fileID: 0}
    - target: {fileID: 3171554223304103315, guid: a1457770f578f0d478023c3d2f4be764,
        type: 3}
      propertyPath: m_AnchorMax.y
      value: 0.5
      objectReference: {fileID: 0}
    - target: {fileID: 3171554223304103315, guid: a1457770f578f0d478023c3d2f4be764,
        type: 3}
      propertyPath: m_AnchorMin.x
      value: 0.5
      objectReference: {fileID: 0}
    - target: {fileID: 3171554223304103315, guid: a1457770f578f0d478023c3d2f4be764,
        type: 3}
      propertyPath: m_AnchorMin.y
      value: 0.5
      objectReference: {fileID: 0}
    - target: {fileID: 3171554223304103315, guid: a1457770f578f0d478023c3d2f4be764,
        type: 3}
      propertyPath: m_SizeDelta.x
      value: 850
      objectReference: {fileID: 0}
    - target: {fileID: 3171554223304103315, guid: a1457770f578f0d478023c3d2f4be764,
        type: 3}
      propertyPath: m_SizeDelta.y
      value: 100
      objectReference: {fileID: 0}
    - target: {fileID: 3171554223304103315, guid: a1457770f578f0d478023c3d2f4be764,
        type: 3}
      propertyPath: m_LocalPosition.x
      value: 0
      objectReference: {fileID: 0}
    - target: {fileID: 3171554223304103315, guid: a1457770f578f0d478023c3d2f4be764,
        type: 3}
      propertyPath: m_LocalPosition.y
      value: 0
      objectReference: {fileID: 0}
    - target: {fileID: 3171554223304103315, guid: a1457770f578f0d478023c3d2f4be764,
        type: 3}
      propertyPath: m_LocalPosition.z
      value: 0
      objectReference: {fileID: 0}
    - target: {fileID: 3171554223304103315, guid: a1457770f578f0d478023c3d2f4be764,
        type: 3}
      propertyPath: m_LocalRotation.w
      value: 1
      objectReference: {fileID: 0}
    - target: {fileID: 3171554223304103315, guid: a1457770f578f0d478023c3d2f4be764,
        type: 3}
      propertyPath: m_LocalRotation.x
      value: -0
      objectReference: {fileID: 0}
    - target: {fileID: 3171554223304103315, guid: a1457770f578f0d478023c3d2f4be764,
        type: 3}
      propertyPath: m_LocalRotation.y
      value: -0
      objectReference: {fileID: 0}
    - target: {fileID: 3171554223304103315, guid: a1457770f578f0d478023c3d2f4be764,
        type: 3}
      propertyPath: m_LocalRotation.z
      value: -0
      objectReference: {fileID: 0}
    - target: {fileID: 3171554223304103315, guid: a1457770f578f0d478023c3d2f4be764,
        type: 3}
      propertyPath: m_AnchoredPosition.x
      value: 0
      objectReference: {fileID: 0}
    - target: {fileID: 3171554223304103315, guid: a1457770f578f0d478023c3d2f4be764,
        type: 3}
      propertyPath: m_AnchoredPosition.y
      value: 700
      objectReference: {fileID: 0}
    - target: {fileID: 3171554223304103315, guid: a1457770f578f0d478023c3d2f4be764,
        type: 3}
      propertyPath: m_LocalEulerAnglesHint.x
      value: 0
      objectReference: {fileID: 0}
    - target: {fileID: 3171554223304103315, guid: a1457770f578f0d478023c3d2f4be764,
        type: 3}
      propertyPath: m_LocalEulerAnglesHint.y
      value: 0
      objectReference: {fileID: 0}
    - target: {fileID: 3171554223304103315, guid: a1457770f578f0d478023c3d2f4be764,
        type: 3}
      propertyPath: m_LocalEulerAnglesHint.z
      value: 0
      objectReference: {fileID: 0}
    - target: {fileID: 5960515680629147716, guid: a1457770f578f0d478023c3d2f4be764,
        type: 3}
      propertyPath: m_Name
      value: ForceABValues
      objectReference: {fileID: 0}
    m_RemovedComponents: []
  m_SourcePrefab: {fileID: 100100000, guid: a1457770f578f0d478023c3d2f4be764, type: 3}
--- !u!224 &2616687220441989400 stripped
RectTransform:
  m_CorrespondingSourceObject: {fileID: 3171554223304103315, guid: a1457770f578f0d478023c3d2f4be764,
    type: 3}
  m_PrefabInstance: {fileID: 600044086867629195}
  m_PrefabAsset: {fileID: 0}
--- !u!114 &3660250428462698418 stripped
MonoBehaviour:
  m_CorrespondingSourceObject: {fileID: 4222154018676022073, guid: a1457770f578f0d478023c3d2f4be764,
    type: 3}
  m_PrefabInstance: {fileID: 600044086867629195}
  m_PrefabAsset: {fileID: 0}
  m_GameObject: {fileID: 0}
  m_Enabled: 1
  m_EditorHideFlags: 0
  m_Script: {fileID: 11500000, guid: 3ee2f68798f87c3488a7c7863709d163, type: 3}
  m_Name: 
  m_EditorClassIdentifier: 
--- !u!1001 &835387857848120698
PrefabInstance:
  m_ObjectHideFlags: 0
  serializedVersion: 2
  m_Modification:
    m_TransformParent: {fileID: 3660250427854187014}
    m_Modifications:
    - target: {fileID: 3171554223304103315, guid: a1457770f578f0d478023c3d2f4be764,
        type: 3}
      propertyPath: m_Pivot.x
      value: 0.5
      objectReference: {fileID: 0}
    - target: {fileID: 3171554223304103315, guid: a1457770f578f0d478023c3d2f4be764,
        type: 3}
      propertyPath: m_Pivot.y
      value: 0.5
      objectReference: {fileID: 0}
    - target: {fileID: 3171554223304103315, guid: a1457770f578f0d478023c3d2f4be764,
        type: 3}
      propertyPath: m_RootOrder
      value: 6
      objectReference: {fileID: 0}
    - target: {fileID: 3171554223304103315, guid: a1457770f578f0d478023c3d2f4be764,
        type: 3}
      propertyPath: m_AnchorMax.x
      value: 0.5
      objectReference: {fileID: 0}
    - target: {fileID: 3171554223304103315, guid: a1457770f578f0d478023c3d2f4be764,
        type: 3}
      propertyPath: m_AnchorMax.y
      value: 0.5
      objectReference: {fileID: 0}
    - target: {fileID: 3171554223304103315, guid: a1457770f578f0d478023c3d2f4be764,
        type: 3}
      propertyPath: m_AnchorMin.x
      value: 0.5
      objectReference: {fileID: 0}
    - target: {fileID: 3171554223304103315, guid: a1457770f578f0d478023c3d2f4be764,
        type: 3}
      propertyPath: m_AnchorMin.y
      value: 0.5
      objectReference: {fileID: 0}
    - target: {fileID: 3171554223304103315, guid: a1457770f578f0d478023c3d2f4be764,
        type: 3}
      propertyPath: m_SizeDelta.x
      value: 850
      objectReference: {fileID: 0}
    - target: {fileID: 3171554223304103315, guid: a1457770f578f0d478023c3d2f4be764,
        type: 3}
      propertyPath: m_SizeDelta.y
      value: 100
      objectReference: {fileID: 0}
    - target: {fileID: 3171554223304103315, guid: a1457770f578f0d478023c3d2f4be764,
        type: 3}
      propertyPath: m_LocalPosition.x
      value: 0
      objectReference: {fileID: 0}
    - target: {fileID: 3171554223304103315, guid: a1457770f578f0d478023c3d2f4be764,
        type: 3}
      propertyPath: m_LocalPosition.y
      value: 0
      objectReference: {fileID: 0}
    - target: {fileID: 3171554223304103315, guid: a1457770f578f0d478023c3d2f4be764,
        type: 3}
      propertyPath: m_LocalPosition.z
      value: 0
      objectReference: {fileID: 0}
    - target: {fileID: 3171554223304103315, guid: a1457770f578f0d478023c3d2f4be764,
        type: 3}
      propertyPath: m_LocalRotation.w
      value: 1
      objectReference: {fileID: 0}
    - target: {fileID: 3171554223304103315, guid: a1457770f578f0d478023c3d2f4be764,
        type: 3}
      propertyPath: m_LocalRotation.x
      value: -0
      objectReference: {fileID: 0}
    - target: {fileID: 3171554223304103315, guid: a1457770f578f0d478023c3d2f4be764,
        type: 3}
      propertyPath: m_LocalRotation.y
      value: -0
      objectReference: {fileID: 0}
    - target: {fileID: 3171554223304103315, guid: a1457770f578f0d478023c3d2f4be764,
        type: 3}
      propertyPath: m_LocalRotation.z
      value: -0
      objectReference: {fileID: 0}
    - target: {fileID: 3171554223304103315, guid: a1457770f578f0d478023c3d2f4be764,
        type: 3}
      propertyPath: m_AnchoredPosition.x
      value: 0
      objectReference: {fileID: 0}
    - target: {fileID: 3171554223304103315, guid: a1457770f578f0d478023c3d2f4be764,
        type: 3}
      propertyPath: m_AnchoredPosition.y
      value: 100
      objectReference: {fileID: 0}
    - target: {fileID: 3171554223304103315, guid: a1457770f578f0d478023c3d2f4be764,
        type: 3}
      propertyPath: m_LocalEulerAnglesHint.x
      value: 0
      objectReference: {fileID: 0}
    - target: {fileID: 3171554223304103315, guid: a1457770f578f0d478023c3d2f4be764,
        type: 3}
      propertyPath: m_LocalEulerAnglesHint.y
      value: 0
      objectReference: {fileID: 0}
    - target: {fileID: 3171554223304103315, guid: a1457770f578f0d478023c3d2f4be764,
        type: 3}
      propertyPath: m_LocalEulerAnglesHint.z
      value: 0
      objectReference: {fileID: 0}
    - target: {fileID: 5960515680629147716, guid: a1457770f578f0d478023c3d2f4be764,
        type: 3}
      propertyPath: m_Name
      value: ForceABValues (4)
      objectReference: {fileID: 0}
    - target: {fileID: 5960515680629147716, guid: a1457770f578f0d478023c3d2f4be764,
        type: 3}
      propertyPath: m_IsActive
      value: 1
      objectReference: {fileID: 0}
    m_RemovedComponents: []
  m_SourcePrefab: {fileID: 100100000, guid: a1457770f578f0d478023c3d2f4be764, type: 3}
--- !u!224 &2852039805252428009 stripped
RectTransform:
  m_CorrespondingSourceObject: {fileID: 3171554223304103315, guid: a1457770f578f0d478023c3d2f4be764,
    type: 3}
  m_PrefabInstance: {fileID: 835387857848120698}
  m_PrefabAsset: {fileID: 0}
--- !u!114 &3535323926728683075 stripped
MonoBehaviour:
  m_CorrespondingSourceObject: {fileID: 4222154018676022073, guid: a1457770f578f0d478023c3d2f4be764,
    type: 3}
  m_PrefabInstance: {fileID: 835387857848120698}
  m_PrefabAsset: {fileID: 0}
  m_GameObject: {fileID: 0}
  m_Enabled: 1
  m_EditorHideFlags: 0
  m_Script: {fileID: 11500000, guid: 3ee2f68798f87c3488a7c7863709d163, type: 3}
  m_Name: 
  m_EditorClassIdentifier: 
--- !u!1001 &1254805948708695285
PrefabInstance:
  m_ObjectHideFlags: 0
  serializedVersion: 2
  m_Modification:
    m_TransformParent: {fileID: 3660250427854187014}
    m_Modifications:
    - target: {fileID: 3171554223304103315, guid: a1457770f578f0d478023c3d2f4be764,
        type: 3}
      propertyPath: m_Pivot.x
      value: 0.5
      objectReference: {fileID: 0}
    - target: {fileID: 3171554223304103315, guid: a1457770f578f0d478023c3d2f4be764,
        type: 3}
      propertyPath: m_Pivot.y
      value: 0.5
      objectReference: {fileID: 0}
    - target: {fileID: 3171554223304103315, guid: a1457770f578f0d478023c3d2f4be764,
        type: 3}
      propertyPath: m_RootOrder
      value: 4
      objectReference: {fileID: 0}
    - target: {fileID: 3171554223304103315, guid: a1457770f578f0d478023c3d2f4be764,
        type: 3}
      propertyPath: m_AnchorMax.x
      value: 0.5
      objectReference: {fileID: 0}
    - target: {fileID: 3171554223304103315, guid: a1457770f578f0d478023c3d2f4be764,
        type: 3}
      propertyPath: m_AnchorMax.y
      value: 0.5
      objectReference: {fileID: 0}
    - target: {fileID: 3171554223304103315, guid: a1457770f578f0d478023c3d2f4be764,
        type: 3}
      propertyPath: m_AnchorMin.x
      value: 0.5
      objectReference: {fileID: 0}
    - target: {fileID: 3171554223304103315, guid: a1457770f578f0d478023c3d2f4be764,
        type: 3}
      propertyPath: m_AnchorMin.y
      value: 0.5
      objectReference: {fileID: 0}
    - target: {fileID: 3171554223304103315, guid: a1457770f578f0d478023c3d2f4be764,
        type: 3}
      propertyPath: m_SizeDelta.x
      value: 850
      objectReference: {fileID: 0}
    - target: {fileID: 3171554223304103315, guid: a1457770f578f0d478023c3d2f4be764,
        type: 3}
      propertyPath: m_SizeDelta.y
      value: 100
      objectReference: {fileID: 0}
    - target: {fileID: 3171554223304103315, guid: a1457770f578f0d478023c3d2f4be764,
        type: 3}
      propertyPath: m_LocalPosition.x
      value: 0
      objectReference: {fileID: 0}
    - target: {fileID: 3171554223304103315, guid: a1457770f578f0d478023c3d2f4be764,
        type: 3}
      propertyPath: m_LocalPosition.y
      value: 0
      objectReference: {fileID: 0}
    - target: {fileID: 3171554223304103315, guid: a1457770f578f0d478023c3d2f4be764,
        type: 3}
      propertyPath: m_LocalPosition.z
      value: 0
      objectReference: {fileID: 0}
    - target: {fileID: 3171554223304103315, guid: a1457770f578f0d478023c3d2f4be764,
        type: 3}
      propertyPath: m_LocalRotation.w
      value: 1
      objectReference: {fileID: 0}
    - target: {fileID: 3171554223304103315, guid: a1457770f578f0d478023c3d2f4be764,
        type: 3}
      propertyPath: m_LocalRotation.x
      value: -0
      objectReference: {fileID: 0}
    - target: {fileID: 3171554223304103315, guid: a1457770f578f0d478023c3d2f4be764,
        type: 3}
      propertyPath: m_LocalRotation.y
      value: -0
      objectReference: {fileID: 0}
    - target: {fileID: 3171554223304103315, guid: a1457770f578f0d478023c3d2f4be764,
        type: 3}
      propertyPath: m_LocalRotation.z
      value: -0
      objectReference: {fileID: 0}
    - target: {fileID: 3171554223304103315, guid: a1457770f578f0d478023c3d2f4be764,
        type: 3}
      propertyPath: m_AnchoredPosition.x
      value: 0
      objectReference: {fileID: 0}
    - target: {fileID: 3171554223304103315, guid: a1457770f578f0d478023c3d2f4be764,
        type: 3}
      propertyPath: m_AnchoredPosition.y
      value: 400
      objectReference: {fileID: 0}
    - target: {fileID: 3171554223304103315, guid: a1457770f578f0d478023c3d2f4be764,
        type: 3}
      propertyPath: m_LocalEulerAnglesHint.x
      value: 0
      objectReference: {fileID: 0}
    - target: {fileID: 3171554223304103315, guid: a1457770f578f0d478023c3d2f4be764,
        type: 3}
      propertyPath: m_LocalEulerAnglesHint.y
      value: 0
      objectReference: {fileID: 0}
    - target: {fileID: 3171554223304103315, guid: a1457770f578f0d478023c3d2f4be764,
        type: 3}
      propertyPath: m_LocalEulerAnglesHint.z
      value: 0
      objectReference: {fileID: 0}
    - target: {fileID: 5960515680629147716, guid: a1457770f578f0d478023c3d2f4be764,
        type: 3}
      propertyPath: m_Name
      value: ForceABValues (2)
      objectReference: {fileID: 0}
    - target: {fileID: 5960515680629147716, guid: a1457770f578f0d478023c3d2f4be764,
        type: 3}
      propertyPath: m_IsActive
      value: 1
      objectReference: {fileID: 0}
    m_RemovedComponents: []
  m_SourcePrefab: {fileID: 100100000, guid: a1457770f578f0d478023c3d2f4be764, type: 3}
--- !u!224 &4425464618155669862 stripped
RectTransform:
  m_CorrespondingSourceObject: {fileID: 3171554223304103315, guid: a1457770f578f0d478023c3d2f4be764,
    type: 3}
  m_PrefabInstance: {fileID: 1254805948708695285}
  m_PrefabAsset: {fileID: 0}
--- !u!114 &3166573599963756492 stripped
MonoBehaviour:
  m_CorrespondingSourceObject: {fileID: 4222154018676022073, guid: a1457770f578f0d478023c3d2f4be764,
    type: 3}
  m_PrefabInstance: {fileID: 1254805948708695285}
  m_PrefabAsset: {fileID: 0}
  m_GameObject: {fileID: 0}
  m_Enabled: 1
  m_EditorHideFlags: 0
  m_Script: {fileID: 11500000, guid: 3ee2f68798f87c3488a7c7863709d163, type: 3}
  m_Name: 
  m_EditorClassIdentifier: 
--- !u!1001 &3660250427666014370
PrefabInstance:
  m_ObjectHideFlags: 0
  serializedVersion: 2
  m_Modification:
    m_TransformParent: {fileID: 3660250427854187014}
    m_Modifications:
    - target: {fileID: 3171554223304103315, guid: a1457770f578f0d478023c3d2f4be764,
        type: 3}
      propertyPath: m_Pivot.x
      value: 0.5
      objectReference: {fileID: 0}
    - target: {fileID: 3171554223304103315, guid: a1457770f578f0d478023c3d2f4be764,
        type: 3}
      propertyPath: m_Pivot.y
      value: 0.5
      objectReference: {fileID: 0}
    - target: {fileID: 3171554223304103315, guid: a1457770f578f0d478023c3d2f4be764,
        type: 3}
      propertyPath: m_RootOrder
      value: 3
      objectReference: {fileID: 0}
    - target: {fileID: 3171554223304103315, guid: a1457770f578f0d478023c3d2f4be764,
        type: 3}
      propertyPath: m_AnchorMax.x
      value: 0.5
      objectReference: {fileID: 0}
    - target: {fileID: 3171554223304103315, guid: a1457770f578f0d478023c3d2f4be764,
        type: 3}
      propertyPath: m_AnchorMax.y
      value: 0.5
      objectReference: {fileID: 0}
    - target: {fileID: 3171554223304103315, guid: a1457770f578f0d478023c3d2f4be764,
        type: 3}
      propertyPath: m_AnchorMin.x
      value: 0.5
      objectReference: {fileID: 0}
    - target: {fileID: 3171554223304103315, guid: a1457770f578f0d478023c3d2f4be764,
        type: 3}
      propertyPath: m_AnchorMin.y
      value: 0.5
      objectReference: {fileID: 0}
    - target: {fileID: 3171554223304103315, guid: a1457770f578f0d478023c3d2f4be764,
        type: 3}
      propertyPath: m_SizeDelta.x
      value: 850
      objectReference: {fileID: 0}
    - target: {fileID: 3171554223304103315, guid: a1457770f578f0d478023c3d2f4be764,
        type: 3}
      propertyPath: m_SizeDelta.y
      value: 100
      objectReference: {fileID: 0}
    - target: {fileID: 3171554223304103315, guid: a1457770f578f0d478023c3d2f4be764,
        type: 3}
      propertyPath: m_LocalPosition.x
      value: 0
      objectReference: {fileID: 0}
    - target: {fileID: 3171554223304103315, guid: a1457770f578f0d478023c3d2f4be764,
        type: 3}
      propertyPath: m_LocalPosition.y
      value: 0
      objectReference: {fileID: 0}
    - target: {fileID: 3171554223304103315, guid: a1457770f578f0d478023c3d2f4be764,
        type: 3}
      propertyPath: m_LocalPosition.z
      value: 0
      objectReference: {fileID: 0}
    - target: {fileID: 3171554223304103315, guid: a1457770f578f0d478023c3d2f4be764,
        type: 3}
      propertyPath: m_LocalRotation.w
      value: 1
      objectReference: {fileID: 0}
    - target: {fileID: 3171554223304103315, guid: a1457770f578f0d478023c3d2f4be764,
        type: 3}
      propertyPath: m_LocalRotation.x
      value: -0
      objectReference: {fileID: 0}
    - target: {fileID: 3171554223304103315, guid: a1457770f578f0d478023c3d2f4be764,
        type: 3}
      propertyPath: m_LocalRotation.y
      value: -0
      objectReference: {fileID: 0}
    - target: {fileID: 3171554223304103315, guid: a1457770f578f0d478023c3d2f4be764,
        type: 3}
      propertyPath: m_LocalRotation.z
      value: -0
      objectReference: {fileID: 0}
    - target: {fileID: 3171554223304103315, guid: a1457770f578f0d478023c3d2f4be764,
        type: 3}
      propertyPath: m_AnchoredPosition.x
      value: 0
      objectReference: {fileID: 0}
    - target: {fileID: 3171554223304103315, guid: a1457770f578f0d478023c3d2f4be764,
        type: 3}
      propertyPath: m_AnchoredPosition.y
      value: 550
      objectReference: {fileID: 0}
    - target: {fileID: 3171554223304103315, guid: a1457770f578f0d478023c3d2f4be764,
        type: 3}
      propertyPath: m_LocalEulerAnglesHint.x
      value: 0
      objectReference: {fileID: 0}
    - target: {fileID: 3171554223304103315, guid: a1457770f578f0d478023c3d2f4be764,
        type: 3}
      propertyPath: m_LocalEulerAnglesHint.y
      value: 0
      objectReference: {fileID: 0}
    - target: {fileID: 3171554223304103315, guid: a1457770f578f0d478023c3d2f4be764,
        type: 3}
      propertyPath: m_LocalEulerAnglesHint.z
      value: 0
      objectReference: {fileID: 0}
    - target: {fileID: 5960515680629147716, guid: a1457770f578f0d478023c3d2f4be764,
        type: 3}
      propertyPath: m_Name
      value: ForceABValues (1)
      objectReference: {fileID: 0}
    - target: {fileID: 5960515680629147716, guid: a1457770f578f0d478023c3d2f4be764,
        type: 3}
      propertyPath: m_IsActive
      value: 1
      objectReference: {fileID: 0}
    m_RemovedComponents: []
  m_SourcePrefab: {fileID: 100100000, guid: a1457770f578f0d478023c3d2f4be764, type: 3}
--- !u!224 &2218108149761537329 stripped
RectTransform:
  m_CorrespondingSourceObject: {fileID: 3171554223304103315, guid: a1457770f578f0d478023c3d2f4be764,
    type: 3}
  m_PrefabInstance: {fileID: 3660250427666014370}
  m_PrefabAsset: {fileID: 0}
--- !u!114 &600044086009609115 stripped
MonoBehaviour:
  m_CorrespondingSourceObject: {fileID: 4222154018676022073, guid: a1457770f578f0d478023c3d2f4be764,
    type: 3}
  m_PrefabInstance: {fileID: 3660250427666014370}
  m_PrefabAsset: {fileID: 0}
  m_GameObject: {fileID: 0}
  m_Enabled: 1
  m_EditorHideFlags: 0
  m_Script: {fileID: 11500000, guid: 3ee2f68798f87c3488a7c7863709d163, type: 3}
  m_Name: 
  m_EditorClassIdentifier: 
--- !u!1001 &4627754416033936742
PrefabInstance:
  m_ObjectHideFlags: 0
  serializedVersion: 2
  m_Modification:
    m_TransformParent: {fileID: 3660250427854187014}
    m_Modifications:
    - target: {fileID: 3171554223304103315, guid: a1457770f578f0d478023c3d2f4be764,
        type: 3}
      propertyPath: m_Pivot.x
      value: 0.5
      objectReference: {fileID: 0}
    - target: {fileID: 3171554223304103315, guid: a1457770f578f0d478023c3d2f4be764,
        type: 3}
      propertyPath: m_Pivot.y
      value: 0.5
      objectReference: {fileID: 0}
    - target: {fileID: 3171554223304103315, guid: a1457770f578f0d478023c3d2f4be764,
        type: 3}
      propertyPath: m_RootOrder
      value: 7
      objectReference: {fileID: 0}
    - target: {fileID: 3171554223304103315, guid: a1457770f578f0d478023c3d2f4be764,
        type: 3}
      propertyPath: m_AnchorMax.x
      value: 0.5
      objectReference: {fileID: 0}
    - target: {fileID: 3171554223304103315, guid: a1457770f578f0d478023c3d2f4be764,
        type: 3}
      propertyPath: m_AnchorMax.y
      value: 0.5
      objectReference: {fileID: 0}
    - target: {fileID: 3171554223304103315, guid: a1457770f578f0d478023c3d2f4be764,
        type: 3}
      propertyPath: m_AnchorMin.x
      value: 0.5
      objectReference: {fileID: 0}
    - target: {fileID: 3171554223304103315, guid: a1457770f578f0d478023c3d2f4be764,
        type: 3}
      propertyPath: m_AnchorMin.y
      value: 0.5
      objectReference: {fileID: 0}
    - target: {fileID: 3171554223304103315, guid: a1457770f578f0d478023c3d2f4be764,
        type: 3}
      propertyPath: m_SizeDelta.x
      value: 850
      objectReference: {fileID: 0}
    - target: {fileID: 3171554223304103315, guid: a1457770f578f0d478023c3d2f4be764,
        type: 3}
      propertyPath: m_SizeDelta.y
      value: 100
      objectReference: {fileID: 0}
    - target: {fileID: 3171554223304103315, guid: a1457770f578f0d478023c3d2f4be764,
        type: 3}
      propertyPath: m_LocalPosition.x
      value: 0
      objectReference: {fileID: 0}
    - target: {fileID: 3171554223304103315, guid: a1457770f578f0d478023c3d2f4be764,
        type: 3}
      propertyPath: m_LocalPosition.y
      value: 0
      objectReference: {fileID: 0}
    - target: {fileID: 3171554223304103315, guid: a1457770f578f0d478023c3d2f4be764,
        type: 3}
      propertyPath: m_LocalPosition.z
      value: 0
      objectReference: {fileID: 0}
    - target: {fileID: 3171554223304103315, guid: a1457770f578f0d478023c3d2f4be764,
        type: 3}
      propertyPath: m_LocalRotation.w
      value: 1
      objectReference: {fileID: 0}
    - target: {fileID: 3171554223304103315, guid: a1457770f578f0d478023c3d2f4be764,
        type: 3}
      propertyPath: m_LocalRotation.x
      value: -0
      objectReference: {fileID: 0}
    - target: {fileID: 3171554223304103315, guid: a1457770f578f0d478023c3d2f4be764,
        type: 3}
      propertyPath: m_LocalRotation.y
      value: -0
      objectReference: {fileID: 0}
    - target: {fileID: 3171554223304103315, guid: a1457770f578f0d478023c3d2f4be764,
        type: 3}
      propertyPath: m_LocalRotation.z
      value: -0
      objectReference: {fileID: 0}
    - target: {fileID: 3171554223304103315, guid: a1457770f578f0d478023c3d2f4be764,
        type: 3}
      propertyPath: m_AnchoredPosition.x
      value: 0
      objectReference: {fileID: 0}
    - target: {fileID: 3171554223304103315, guid: a1457770f578f0d478023c3d2f4be764,
        type: 3}
      propertyPath: m_AnchoredPosition.y
      value: -50
      objectReference: {fileID: 0}
    - target: {fileID: 3171554223304103315, guid: a1457770f578f0d478023c3d2f4be764,
        type: 3}
      propertyPath: m_LocalEulerAnglesHint.x
      value: 0
      objectReference: {fileID: 0}
    - target: {fileID: 3171554223304103315, guid: a1457770f578f0d478023c3d2f4be764,
        type: 3}
      propertyPath: m_LocalEulerAnglesHint.y
      value: 0
      objectReference: {fileID: 0}
    - target: {fileID: 3171554223304103315, guid: a1457770f578f0d478023c3d2f4be764,
        type: 3}
      propertyPath: m_LocalEulerAnglesHint.z
      value: 0
      objectReference: {fileID: 0}
    - target: {fileID: 5960515680629147716, guid: a1457770f578f0d478023c3d2f4be764,
        type: 3}
      propertyPath: m_Name
      value: ForceABValues (5)
      objectReference: {fileID: 0}
    - target: {fileID: 5960515680629147716, guid: a1457770f578f0d478023c3d2f4be764,
        type: 3}
      propertyPath: m_IsActive
      value: 1
      objectReference: {fileID: 0}
    m_RemovedComponents: []
  m_SourcePrefab: {fileID: 100100000, guid: a1457770f578f0d478023c3d2f4be764, type: 3}
--- !u!224 &7798697284519911669 stripped
RectTransform:
  m_CorrespondingSourceObject: {fileID: 3171554223304103315, guid: a1457770f578f0d478023c3d2f4be764,
    type: 3}
  m_PrefabInstance: {fileID: 4627754416033936742}
  m_PrefabAsset: {fileID: 0}
--- !u!114 &8836357870801825375 stripped
MonoBehaviour:
  m_CorrespondingSourceObject: {fileID: 4222154018676022073, guid: a1457770f578f0d478023c3d2f4be764,
    type: 3}
  m_PrefabInstance: {fileID: 4627754416033936742}
  m_PrefabAsset: {fileID: 0}
  m_GameObject: {fileID: 0}
  m_Enabled: 1
  m_EditorHideFlags: 0
  m_Script: {fileID: 11500000, guid: 3ee2f68798f87c3488a7c7863709d163, type: 3}
  m_Name: 
  m_EditorClassIdentifier: 
--- !u!1001 &7820016003575484723
PrefabInstance:
  m_ObjectHideFlags: 0
  serializedVersion: 2
  m_Modification:
    m_TransformParent: {fileID: 3660250427854187014}
    m_Modifications:
    - target: {fileID: 3171554223304103315, guid: a1457770f578f0d478023c3d2f4be764,
        type: 3}
      propertyPath: m_Pivot.x
      value: 0.5
      objectReference: {fileID: 0}
    - target: {fileID: 3171554223304103315, guid: a1457770f578f0d478023c3d2f4be764,
        type: 3}
      propertyPath: m_Pivot.y
      value: 0.5
      objectReference: {fileID: 0}
    - target: {fileID: 3171554223304103315, guid: a1457770f578f0d478023c3d2f4be764,
        type: 3}
      propertyPath: m_RootOrder
      value: 5
      objectReference: {fileID: 0}
    - target: {fileID: 3171554223304103315, guid: a1457770f578f0d478023c3d2f4be764,
        type: 3}
      propertyPath: m_AnchorMax.x
      value: 0.5
      objectReference: {fileID: 0}
    - target: {fileID: 3171554223304103315, guid: a1457770f578f0d478023c3d2f4be764,
        type: 3}
      propertyPath: m_AnchorMax.y
      value: 0.5
      objectReference: {fileID: 0}
    - target: {fileID: 3171554223304103315, guid: a1457770f578f0d478023c3d2f4be764,
        type: 3}
      propertyPath: m_AnchorMin.x
      value: 0.5
      objectReference: {fileID: 0}
    - target: {fileID: 3171554223304103315, guid: a1457770f578f0d478023c3d2f4be764,
        type: 3}
      propertyPath: m_AnchorMin.y
      value: 0.5
      objectReference: {fileID: 0}
    - target: {fileID: 3171554223304103315, guid: a1457770f578f0d478023c3d2f4be764,
        type: 3}
      propertyPath: m_SizeDelta.x
      value: 850
      objectReference: {fileID: 0}
    - target: {fileID: 3171554223304103315, guid: a1457770f578f0d478023c3d2f4be764,
        type: 3}
      propertyPath: m_SizeDelta.y
      value: 100
      objectReference: {fileID: 0}
    - target: {fileID: 3171554223304103315, guid: a1457770f578f0d478023c3d2f4be764,
        type: 3}
      propertyPath: m_LocalPosition.x
      value: 0
      objectReference: {fileID: 0}
    - target: {fileID: 3171554223304103315, guid: a1457770f578f0d478023c3d2f4be764,
        type: 3}
      propertyPath: m_LocalPosition.y
      value: 0
      objectReference: {fileID: 0}
    - target: {fileID: 3171554223304103315, guid: a1457770f578f0d478023c3d2f4be764,
        type: 3}
      propertyPath: m_LocalPosition.z
      value: 0
      objectReference: {fileID: 0}
    - target: {fileID: 3171554223304103315, guid: a1457770f578f0d478023c3d2f4be764,
        type: 3}
      propertyPath: m_LocalRotation.w
      value: 1
      objectReference: {fileID: 0}
    - target: {fileID: 3171554223304103315, guid: a1457770f578f0d478023c3d2f4be764,
        type: 3}
      propertyPath: m_LocalRotation.x
      value: -0
      objectReference: {fileID: 0}
    - target: {fileID: 3171554223304103315, guid: a1457770f578f0d478023c3d2f4be764,
        type: 3}
      propertyPath: m_LocalRotation.y
      value: -0
      objectReference: {fileID: 0}
    - target: {fileID: 3171554223304103315, guid: a1457770f578f0d478023c3d2f4be764,
        type: 3}
      propertyPath: m_LocalRotation.z
      value: -0
      objectReference: {fileID: 0}
    - target: {fileID: 3171554223304103315, guid: a1457770f578f0d478023c3d2f4be764,
        type: 3}
      propertyPath: m_AnchoredPosition.x
      value: 0
      objectReference: {fileID: 0}
    - target: {fileID: 3171554223304103315, guid: a1457770f578f0d478023c3d2f4be764,
        type: 3}
      propertyPath: m_AnchoredPosition.y
      value: 250
      objectReference: {fileID: 0}
    - target: {fileID: 3171554223304103315, guid: a1457770f578f0d478023c3d2f4be764,
        type: 3}
      propertyPath: m_LocalEulerAnglesHint.x
      value: 0
      objectReference: {fileID: 0}
    - target: {fileID: 3171554223304103315, guid: a1457770f578f0d478023c3d2f4be764,
        type: 3}
      propertyPath: m_LocalEulerAnglesHint.y
      value: 0
      objectReference: {fileID: 0}
    - target: {fileID: 3171554223304103315, guid: a1457770f578f0d478023c3d2f4be764,
        type: 3}
      propertyPath: m_LocalEulerAnglesHint.z
      value: 0
      objectReference: {fileID: 0}
    - target: {fileID: 5960515680629147716, guid: a1457770f578f0d478023c3d2f4be764,
        type: 3}
      propertyPath: m_Name
      value: ForceABValues (3)
      objectReference: {fileID: 0}
    - target: {fileID: 5960515680629147716, guid: a1457770f578f0d478023c3d2f4be764,
        type: 3}
      propertyPath: m_IsActive
      value: 1
      objectReference: {fileID: 0}
    m_RemovedComponents: []
  m_SourcePrefab: {fileID: 100100000, guid: a1457770f578f0d478023c3d2f4be764, type: 3}
--- !u!224 &4649360631060939936 stripped
RectTransform:
  m_CorrespondingSourceObject: {fileID: 3171554223304103315, guid: a1457770f578f0d478023c3d2f4be764,
    type: 3}
  m_PrefabInstance: {fileID: 7820016003575484723}
  m_PrefabAsset: {fileID: 0}
--- !u!114 &6205500324389620234 stripped
MonoBehaviour:
  m_CorrespondingSourceObject: {fileID: 4222154018676022073, guid: a1457770f578f0d478023c3d2f4be764,
    type: 3}
  m_PrefabInstance: {fileID: 7820016003575484723}
  m_PrefabAsset: {fileID: 0}
  m_GameObject: {fileID: 0}
  m_Enabled: 1
  m_EditorHideFlags: 0
  m_Script: {fileID: 11500000, guid: 3ee2f68798f87c3488a7c7863709d163, type: 3}
  m_Name: 
  m_EditorClassIdentifier: 
